@misc{RN100,
   author = {Jack},
   title = {Implement ROS2 odometry using VSCode running in a web browser},
   publisher = {hadabot.com},
   month = {05/05/2023},
   url = {https://blog.hadabot.com/implement-ros2-odometry-using-vscode-in-web-browser.html},
   year = {2022},
   type = {Electronic Article}
}
@article{RN101,
	title={Kinematic parameter calibration of a car-like mobile robot to improve odometry accuracy},
	author={Lee, Kooktae and Chung, Woojin and Yoo, Kwanghyun},
	journal={Mechatronics},
	volume={20},
	number={5},
	pages={582--595},
	year={2010},
	publisher={Elsevier}
}
@inproceedings{RN102,
  author    = {T. Moore and D. Stouch},
  title     = {A Generalized Extended Kalman Filter Implementation for the Robot Operating System},
  year      = {2014},
  month     = {July},
  booktitle = {Proceedings of the 13th International Conference on Intelligent Autonomous Systems (IAS-13)},
  publisher = {Springer}
}

@article{Macenski2021, 
   doi = {10.21105/joss.02783}, 
   url = {https://doi.org/10.21105/joss.02783}, 
   year = {2021}, 
   publisher = {The Open Journal}, 
   volume = {6}, 
   number = {61}, 
   pages = {2783}, 
   author = {Steve Macenski and Ivona Jambrecic}, 
   title = {SLAM Toolbox: SLAM for the dynamic world}, 
   journal = {Journal of Open Source Software}
}

@misc{Linorobot, 
   title={Linorobot/Linorobot2: Autonomous Mobile Robots (2WD, 4WD, Mecanum Drive)}, 
   url={https://github.com/linorobot/linorobot2}, 
   journal={GitHub}, 
   author={Linorobot}
}

@misc{Robotis-Git, 
   title={Robotis-git/turtlebot3: Ros packages for turtlebot3}, 
   url={https://github.com/ROBOTIS-GIT/turtlebot3}, 
   journal={GitHub}, 
   author={Robotis-Git}
}

@article{RN104,
   author = {Drew, Daniel S},
   title = {Multi-agent systems for search and rescue applications},
   journal = {Current Robotics Reports},
   volume = {2},
   pages = {189-200},
   year = {2021},
   type = {Journal Article}
}
@inproceedings{RN105,
   author = {Khaliq, Saran and Ahsan, Shahzeb and Nisar, M Danish},
   title = {Multi-platform hardware in the loop (hil) simulation for decentralized swarm communication using ros and gazebo},
   booktitle = {2021 IEEE 22nd International Symposium on a World of Wireless, Mobile and Multimedia Networks (WoWMoM)},
   publisher = {IEEE},
   pages = {310-315},
   ISBN = {1665422637},
   type = {Conference Proceedings}
}
@misc{RN106, 
   title={Arduino and MPU6050 accelerometer and gyroscope tutorial}, 
   url={https://howtomechatronics.com/tutorials/arduino/arduino-and-mpu6050-accelerometer-and-gyroscope-tutorial/}, 
   journal={How To Mechatronics}, 
   author={Chris and Terenc and Sinha, Chandan and Akindele, Lolu and Dejan and Green, Jim and Richards, Aaron and Manuel and Martin and Feroce-Lapin and et al.}, 
   year={2022}, 
   month={Feb}
} 
@misc{RN200, 
	title={Wiki}, 
	url={http://wiki.ros.org/ROS/Introduction}, 
	journal={ros.org}, 
	publisher={Open Robotics}, 
	year={2018}, 
	month={Aug}} 

@misc{RN201,
   url={https://gazebosim.org/}, 
   journal={Gazebo}, 
   publisher={Open Robotics}, 
   year={2021}, 
   month={Sep}}

@misc{RN202, 
   title={esp32-wroom-32e\_esp32-wroom-32ue\_datasheet\_en\_2023}, 
   url={https://www.espressif.com/sites/default/files/documentation/esp32-wroom-32e\_esp32-wroom-32ue\_datasheet\_en.pdf},  
   publisher={Espressif Systems}, 
   year={2023}
} 
